
% 2nd edition
@inproceedings{ve,
author = {Matthew Portnoy},
title = {Virtualization Essentials},
booktitle = {},
year = {2016},
editor = {Sybex},
language = {serbian},
hyphenation = {serbian}
}

% 1st edition
@inproceedings{gswc,
author = {Gabriel N. Schenker, Hideto Saito, Hui-Chuan Chloe Lee and Ke-Jou Carol Hsu},
title = {Getting Started with Containerization},
booktitle = {},
year = {2019},
editor = {Packt Publishing},
language = {serbian},
hyphenation = {serbian}
}

% 1st edition
@inproceedings{mac,
author = {Parminder Kocher},
title = {Microservices and Containers},
booktitle = {},
year = {2018},
editor = {Addison-Wesley Professional},
language = {serbian},
hyphenation = {serbian}
}

% 2nd edition
@inproceedings{cc,
author = {Kris Jamsa},
title = {Cloud Computing},
booktitle = {},
year = {2022},
editor = {Jones & Bartlett Learning},
language = {serbian},
hyphenation = {serbian}
}

@misc{csa,
title = {{Sensitive Data in the Cloud}},
note = {on-line at: \url{https://cloudsecurityalliance.org/artifacts/sensitive-data-in-the-cloud/}},
     author = {Cloud Security Alliance},
     year = {2022}
}

% 2nd edition
@inproceedings{bm,
author = {Sam Newman},
title = {Building Microservices: Designing Fine-Grained Systems},
booktitle = {},
year = {2021},
editor = {O'Reilly Media, Inc.},
language = {serbian},
hyphenation = {serbian}
}

% 2nd edition
@inproceedings{sa,
author = {Peter Sbarski, Yan Cui and Ajay Nair},
title = {Serverless Architectures on AWS},
booktitle = {},
year = {2020},
editor = {Manning},
language = {serbian},
hyphenation = {serbian}
}

% 1st edition
@inproceedings{ls,
author = {Jason Katzer},
title = {Learning Serverless: Design, Develop, and Deploy with Confidence},
booktitle = {},
year = {2020},
editor = {O'Reilly Media},
language = {serbian},
hyphenation = {serbian}
}

@misc{wtfosaais,
title = {{Why the Future of Software and Apps Is Serverless}},
note = {on-line at: \url{https://oreil.ly/vh5ck}},
     author = {Ken Fromm},
     year = {2012}
}

% 1st edition
@inproceedings{ws,
author = {Mike Roberts, John Chapin},
title = {What Is Serverless?},
booktitle = {},
year = {2017},
editor = {O'Reilly Media},
language = {serbian},
hyphenation = {serbian}
}

@misc{wis,
title = {{What is serverless?}},
note = {on-line at: \url{https://www.redhat.com/en/topics/cloud-native-apps/what-is-serverless}},
     author = {Red Hat},
     year = {2022}
}


% 1st edition
@inproceedings{bsa,
author = {Cagatay Gurturk},
title = {Building Serverless Architectures: Unleash the power of AWS Lambdas for your applications},
booktitle = {},
year = {2017},
editor = {Packt Publishing},
language = {serbian},
hyphenation = {serbian}
}

@misc{baasp,
title = {{Top 14 Backend-as-a-Service Providers}},
note = {on-line at: \url{https://www.hitechnectar.com/blogs/top-14-backend-as-a-service-providers/}},
     author = {Kelsey Taylor},
     year = {2022}
}

% 1st edition
@inproceedings{sah,
author = {Joseph Ingeno},
title = {Software Architectâ€™s Handbook: Become a successful software architect by implementing effective architecture concepts},
booktitle = {},
year = {2018},
editor = {Packt Publishing},
language = {serbian},
hyphenation = {serbian}
}

@misc{ascs,
title = {{AWS Serverless Customer Success}},
note = {on-line at: \url{https://aws.amazon.com/serverless/customers/}},
     author = {AWS},
     year = {2022}
}

@misc{aicf,
title = {{AWS IoT Core features}},
note = {on-line at: \url{https://aws.amazon.com/iot-platform/how-it-works/}},
     author = {AWS},
     year = {2022}
}

@misc{gql,
title = {{GraphQL}},
note = {on-line at: \url{https://graphql.org/}},
     author = {The GraphQL Foundation},
     year = {2022}
}

@misc{cdp,
title = {{Command Design Pattern}},
note = {on-line at: \url{https://sourcemaking.com/design_patterns/command}},
     author = {Source Making},
     year = {2022}
}

% 2nd edition
@inproceedings{iac,
author = {Kief Morris},
title = {Infrastructure as Code},
booktitle = {},
year = {2020},
editor = {O'Reilly Media},
language = {serbian},
hyphenation = {serbian}
}

@misc{sfs,
title = {{Serverless Framework Services}},
note = {on-line at: \url{https://www.serverless.com/framework/docs/providers/aws/guide/services}},
     author = {Serverless},
     year = {2022}
}

@misc{lr,
title = {{Lambda runtimes}},
note = {on-line at: \url{https://docs.aws.amazon.com/lambda/latest/dg/lambda-runtimes.html}},
     author = {Serverless},
     year = {2022}
}

